@article{mitarai2006wet,
  title={Wet granular materials},
  author={Mitarai, Namiko and Nori, Franco},
  journal={Advances in Physics},
  volume={55},
  number={1-2},
  pages={1--45},
  year={2006},
  publisher={Taylor \& Francis}
}

@article{kudrolli2008sticky,
  title={Sticky sand},
  author={Kudrolli, Arshad},
  journal={Nature materials},
  volume={7},
  number={3},
  pages={174--175},
  year={2008},
  publisher={Nature Publishing Group}
}

@article{pakpour2012construct,
  title={How to construct the perfect sandcastle},
  author={Pakpour, Maryam and Habibi, Mehdi and M{\o}ller, Peder and Bonn, Daniel},
  journal={Scientific reports},
  volume={2},
  number={1},
  pages={1--3},
  year={2012},
  publisher={Nature Publishing Group}
}
